<?xml version="1.0" encoding="UTF-8"?><collection xmlns="http://www.loc.gov/MARC21/slim"><record><leader>00394nam--2200133-i-4500</leader><controlfield tag="001">000042899</controlfield><controlfield tag="002">20161230</controlfield><controlfield tag="005">20161230201043</controlfield><controlfield tag="008">060222s1000------------r-----000-0-eng-d</controlfield><datafield ind1=" " ind2=" " tag="080"><subfield code="a">621.38.04</subfield></datafield><datafield ind1=" " ind2=" " tag="100"><subfield code="a">Stern,Lothar</subfield></datafield><datafield ind1=" " ind2=" " tag="245"><subfield code="a">Grundlagen integrierter schaltungen. th.herstellung und anwendung. mit 250 bildern und 13 tabellen</subfield></datafield><datafield ind1=" " ind2=" " tag="260"><subfield code="a">Munchen, Franzis-verlag, 1971. 244 P</subfield></datafield><datafield ind1=" " ind2=" " tag="852"><subfield code="a">35068</subfield></datafield></record></collection>